<?xml version="1.0" encoding="UTF-8"?>
<record xmlns="http://www.loc.gov/MARC21/slim"><!-- Length implementation at offset 22 should hold a digit. Assuming 0 -->
   <leader>01297 as a22003857a 4500</leader>
   <controlfield tag="001">6432330</controlfield>
   <controlfield tag="005">20130306101852.0</controlfield>
   <controlfield tag="008">921009d19uu1987abcuu p      s0   a0eng d</controlfield>
   <datafield tag="010" ind1=" " ind2=" ">
      <subfield code="a">cn 92082922</subfield>
   </datafield>
   <datafield tag="016" ind1=" " ind2=" ">
      <subfield code="a">920829228</subfield>
   </datafield>
   <datafield tag="022" ind1="0" ind2=" ">
      <subfield code="a">1189-444X</subfield>
      <subfield code="l">1189-444X</subfield>
      <subfield code="2">4</subfield>
   </datafield>
   <datafield tag="035" ind1=" " ind2=" ">
      <subfield code="a">ocm26758244</subfield>
   </datafield>
   <datafield tag="040" ind1=" " ind2=" ">
      <subfield code="a">CaOONLC</subfield>
      <subfield code="b">eng</subfield>
      <subfield code="c">CaOONL</subfield>
      <subfield code="d">OCoLC</subfield>
      <subfield code="d">AEU</subfield>
   </datafield>
   <datafield tag="042" ind1=" " ind2=" ">
      <subfield code="a">nlc</subfield>
      <subfield code="a">isds/c</subfield>
   </datafield>
   <datafield tag="043" ind1=" " ind2=" ">
      <subfield code="a">n-cn-ab</subfield>
   </datafield>
   <datafield tag="055" ind1=" " ind2="4">
      <subfield code="a">S535.C2</subfield>
      <subfield code="b">P75</subfield>
   </datafield>
   <datafield tag="082" ind1="1" ind2=" ">
      <subfield code="a">372.83</subfield>
      <subfield code="2">12</subfield>
   </datafield>
   <datafield tag="090" ind1=" " ind2=" ">
      <subfield code="a">S 535 C2 P75</subfield>
      <subfield code="b">AEU</subfield>
   </datafield>
   <datafield tag="130" ind1="0" ind2=" ">
      <subfield code="a">Pride in Alberta (Edmonton, Alta.)</subfield>
   </datafield>
   <datafield tag="210" ind1="0" ind2=" ">
      <subfield code="a">Pride Alta.</subfield>
      <subfield code="b">(Edmont.)</subfield>
   </datafield>
   <datafield tag="222" ind1=" " ind2="0">
      <subfield code="a">Pride in Alberta</subfield>
      <subfield code="b">(Edmonton)</subfield>
   </datafield>
   <datafield tag="240" ind1="0" ind2="0">
      <subfield code="a">Pride in Alberta./ </subfield>
   </datafield>
   <datafield tag="245" ind1="1" ind2="0">
      <subfield code="a">Pride in Alberta 1986</subfield>
   </datafield>
   <datafield tag="246" ind1="1" ind2=" ">
      <subfield code="a">Pride in Alberta newsletter</subfield>
   </datafield>
   <datafield tag="260" ind1=" " ind2=" ">
      <subfield code="a">[Edmonton :</subfield>
      <subfield code="b">Alberta Agriculture,</subfield>
      <subfield code="c">19---1987]</subfield>
   </datafield>
   <datafield tag="300" ind1=" " ind2=" ">
      <subfield code="a">v. ;</subfield>
      <subfield code="c">28 cm.</subfield>
   </datafield>
   <datafield tag="362" ind1="1" ind2=" ">
      <subfield code="a">Ceased with Pre-summer 1987 issue.</subfield>
   </datafield>
   <datafield tag="588" ind1=" " ind2=" ">
      <subfield code="a">Description based on: Fall 1986.</subfield>
   </datafield>
   <datafield tag="596" ind1=" " ind2=" ">
      <subfield code="a">38</subfield>
   </datafield>
   <datafield tag="650" ind1=" " ind2="0">
      <subfield code="a">Agriculture</subfield>
      <subfield code="x">Study and teaching (Elementary)</subfield>
      <subfield code="z">Alberta</subfield>
      <subfield code="v">Periodicals.</subfield>
   </datafield>
   <datafield tag="710" ind1="1" ind2=" ">
      <subfield code="a">Alberta.</subfield>
      <subfield code="b">Alberta Agriculture.</subfield>
   </datafield>
   <datafield tag="785" ind1="0" ind2="0">
      <subfield code="t">Agriculture in the classroom newsletter</subfield>
      <subfield code="x">1189-4458</subfield>
      <subfield code="w">(CaOONL)920829201</subfield>
      <subfield code="w">(DLC)   92082920</subfield>
   </datafield>
   <datafield tag="926" ind1=" " ind2=" ">
      <subfield code="a">UABARD</subfield>
      <subfield code="b">ON_SHELF</subfield>
      <subfield code="c">Library has holdings</subfield>
      <subfield code="d">PERIODICAL</subfield>
      <subfield code="f">1</subfield>
   </datafield>
   <datafield tag="927" ind1=" " ind2=" ">
      <subfield code="a">UABARD</subfield>
   </datafield>
   <datafield tag="927" ind1=" " ind2=" ">
      <subfield code="b">Location</subfield>
      <subfield code="c">ON_SHELF-- S 535 C2 P75</subfield>
   </datafield>
   <datafield tag="927" ind1=" " ind2=" ">
      <subfield code="b">Library has</subfield>
      <subfield code="c">1986-1987 Incomplete:1986</subfield>
   </datafield>
</record>
